<?xml version="1.0" encoding="UTF-8"?><collection xmlns="http://www.loc.gov/MARC21/slim"><record><leader>00428nam--2200157-i-4500</leader><controlfield tag="001">000004081</controlfield><controlfield tag="002">20161230</controlfield><controlfield tag="005">20170222145746</controlfield><controlfield tag="008">060222s1000------------r-----000-0-eng-d</controlfield><datafield ind1=" " ind2=" " tag="100"><subfield code="a">Cerneac, V. S</subfield></datafield><datafield ind1=" " ind2=" " tag="245"><subfield code="a">Sudura si prelucrarea metalelor cu flacara. traducere din limba rusa</subfield></datafield><datafield ind1=" " ind2=" " tag="260"><subfield code="a">Bucuresti</subfield><subfield code="b">Editura Tehnica</subfield><subfield code="c">1952</subfield></datafield><datafield ind1=" " ind2=" " tag="300"><subfield code="a">339 p</subfield></datafield><datafield ind1=" " ind2=" " tag="700"><subfield code="a">Fachievici, A. S</subfield></datafield><datafield ind1=" " ind2=" " tag="852"><subfield code="a">621.7</subfield></datafield><datafield ind1=" " ind2=" " tag="CAT"><subfield code="a">SYS</subfield><subfield code="c">20170222</subfield><subfield code="h">145746</subfield></datafield></record></collection>